@article{Dirac1953888,
  title   = "The lorentz transformation and absolute time",
  journal = "Physica ",
  volume  = "19",
  number  = "1-–12",
  pages   = "888--896",
  year    = "1953",
  doi     = "10.1016/S0031-8914(53)80099-6",
  author  = "P.A.M. Dirac"
}

@article{Feynman1963118,
  title   = "The theory of a general quantum system interacting with a linear dissipative system",
  journal = "Annals of Physics ",
  volume  = "24",
  pages   = "118--173",
  year    = "1963",
  doi     = "10.1016/0003-4916(63)90068-X",
  author  = "R.P Feynman and F.L {Vernon Jr.}"
}

%%





@book{ad2,
	author = {H. L. Ansbacher and R. R. Ansbacher},
	title = {THE INDIVIDUAL PSYCHOLOGY OF ALFRED ADLER},
	publisher = { Haper Row Publishers Inc, New York},
	year = 1956
}



@ARTICLE{taskdriven,
	author = {E. Alexander and M. Gleicher},
	title = {Task-Driven Comparison of Topic Models},
	journal = "IEEE TRANSACTIONS ON VISUALIZATION AND COMPUTER GRAPHICS",
		year = 2016,
        	volume = "22",
        	number = "1",
        	pages = "320-329"
}


@article{bostock2012d3,
  title={D3. js},
  author={B. Michael},
  journal={Data Driven Documents},
  year={2012}
}


@book{zokad,
	author = {S. Noda},
	title = {Continued Adlerian psychology talking seminar Family communication of courage pickles},
	publisher = {Anima Shobo Publishing},
	year = 1991
}


@ARTICLE{kh1,
	author = "樋口耕一",
	title = "テキスト型データの計量的分析 ―2つのアプローチの峻別と統合―",
	journal = "理論と方法",
	year = 2004,
        volume = "19",
        number = "1",
        pages = "101-115"
}

@ARTICLE{kango,
	author = "杉浦暁代，新美綾子",
	title = "プロジェクト学習を用いた成人看護学概論の学習により学生が認識した学びと成長 ―テキストマイニングによる分析―",
	journal = "第44 回日本看護学会 看護教育 学術集会抄録集",
	year = 2013,
        pages = "60"
}


@ARTICLE{shou,
	author = {Z. Heliang, C. Kato and K. Tsuchida},
	title = {Application of 3D Spiral Graph Visualization to the Psychological Data},
	journal = {International Journal of Electronics and Computer Science Engineering, Vol. 2, No. 4, pp.1219-1230},
	year = 2013
}


@ARTICLE{itoh2010interactive,
  title={An interactive visualization framework for time-series of web graphs in a 3D environment},
  author={I. Masahiko，T. Masashi，and K. Masaru},
  journal={Information Visualisation, International Conference, IEEE},
  year={2010},
        volume = "14",
        number = "4",
  pages={54--60}
}


@book(kh2,
	author = {樋口耕一},
	title = {社会調査のための計量テキスト分析 ――内容分析の継承と発展を目指して},
	publisher = {ナカニシヤ出版},
	year = 2014
)

@book(sn0,
	author = {キャサリンコーリン},
	title = {心理学大辞典},
	publisher = {三省堂},
	year = 2013
)



@ARTICLE(manu,
      author = "樋口耕一",
	title = "KH Coder 2.x リファレンス・マニュアル",
	year = 2015
)



@ARTICLE{voistrap,
	author = "原田陽雄，米山博人，下谷啓",
	title = "コミュニケーション可視化技術「Voistrap®」",
	journal = "富士ゼロックス テクニカルレポート",
	year = 2013,
        number = "22",
        pages = "86-95"
}


@ARTICLE{kuromojijs,
	author = "T. Asano",
	title = "kuromoji.js, \url{https://github.com/takuyaa/kuromoji.js}",
	year = 2015
}


@ARTICLE{kuromoji,
	author = "Atilika",
	title = "Kuromoji morphological analyzer, \url{http://www.atilika.org}",
	year = 2012
}




@ARTICLE{attrakdiff,
	author = "M. Hassenzahl",
	title = "Hedonic, emotional and experiential perspectives on product quality",
	journal = "C. Ghaoui (Ed.), Encyclopedia of Human Computer Interaction",
	year = 2006,
        pages = "266-272"
}


@ARTICLE{tokkyo,
	author = "富士通株式会社",
	title = "受信メール分類装置、受信メール分類プログラム及び受信メール分類方法",
	journal = "特開2013-105226",
	year = "2013.5.30"
}

@article{vand3,
  title={D3. JS: Data-Driven Documents},
  author={van Dierendonck, Roland and van Tienhoven, Sam and Elid, Thiago}
}

@inproceedings{juman,
  title={Morphological Analysis for Unsegmented Languages using Recurrent Neural Network Language Model.},
  author={Morita, Hajime and Kawahara, Daisuke and Kurohashi, Sadao},
  booktitle={EMNLP},
  pages={2292--2297},
  year={2015}
}

@inproceedings{kawahara2006fully,
  title={A fully-lexicalized probabilistic model for Japanese syntactic and case structure analysis},
  author={Kawahara, Daisuke and Kurohashi, Sadao},
  booktitle={Proceedings of the main conference on Human Language Technology Conference of the North American Chapter of the Association of Computational Linguistics},
  pages={176--183},
  year={2006},
  organization={Association for Computational Linguistics}
}

@article{van2009mapping,
  title={Mapping text with phrase nets},
  author={Van Ham, Frank and Wattenberg, Martin and Vi{\'e}gas, Fernanda B},
  journal={IEEE transactions on visualization and computer graphics},
  volume={15},
  number={6},
  year={2009},
  publisher={IEEE}
}

@inproceedings{tat2002visualising,
  title={Visualising human dialog},
  author={Tat, Annie and Carpendale, M Sheelagh T},
  booktitle={Information Visualisation, 2002. Proceedings. Sixth International Conference on},
  pages={16--21},
  year={2002},
  organization={IEEE}
}

@article{bergstrom2007seeing,
  title={Seeing more: visualizing audio cues},
  author={Bergstrom, Tony and Karahalios, Karrie},
  journal={Human-Computer Interaction--INTERACT 2007},
  pages={29--42},
  year={2007},
  publisher={Springer}
}

@inproceedings{el2016contovi,
  title={ConToVi: Multi-Party Conversation Exploration using Topic-Space Views},
  author={El-Assady, Mennatallah and Gold, Valentin and Acevedo, Carmela and Collins, Christopher and Keim, Daniel},
  booktitle={Computer Graphics Forum},
  volume={35},
  number={3},
  pages={431--440},
  year={2016},
  organization={Wiley Online Library}
}

@article{kamata2002,
  title={A Study on Separation of Issues in Counseling - Try to understand visually impaired using communication arrows},
  author={Minoru Kamata},
  journal={Adlerian},
  volume={16},
  number={2},
  pages={75--80},
  year={2002},
  publisher={Japanese Society of Adlerian Psychology}
}

@article{grad2002preamble,
  title={The preamble of the constitution of the World Health Organization},
  author={Grad, Frank P},
  journal={Bulletin of the World Health Organization},
  volume={80},
  number={12},
  pages={981--981},
  year={2002},
  publisher={SciELO Public Health}
}

@article{tanaka,
  title={An Interface for Reminding of the Content of the Story.},
  author={Shotaro Tanaka, Makoto Okabe, Rikio Okiuchi},
  journal={Proceedings of 55th Programming Symposium},
  volume={2014},
  pages={7--15},
  year={2014}
}

@article{transcript,
  title={TRANSCRIPT OF THERAPY SESSION},
  author={Douglas Bower},
  journal={The Person-Centered Journal},
  volume={Volime 1, Issue 3},
  year={1994}
}
